%% This BibTeX bibliography file was created using BibDesk.
%% https://bibdesk.sourceforge.io/

%% Created for Benjamin Bloem-Reddy at 2019-10-18 14:42:02 -0700 


%% Saved with string encoding Unicode (UTF-8) 
@inproceedings{stein1972bound,
	title={A bound for the error in the normal approximation to the distribution of a sum of dependent random variables},
	author={Stein, Charles and others},
	booktitle={Proceedings of the Sixth Berkeley Symposium on Mathematical Statistics and Probability, Volume 2: Probability Theory},
	year={1972},
	organization={The Regents of the University of California}
}
@article{ross2011fundamentals,
	title={Fundamentals of Stein's method},
	author={Ross, Nathan and others},
	journal={Probability Surveys},
	volume={8},
	pages={210--293},
	year={2011},
	publisher={The Institute of Mathematical Statistics and the Bernoulli Society}
}
@article{reinert2011short,
	title={A short introduction to Stein's method},
	author={Reinert, Gesine},
	journal={Lecture Notes},
	year={2011}
}
@inproceedings{gorham2015measuring,
	title={Measuring sample quality with Stein's method},
	author={Gorham, Jackson and Mackey, Lester},
	booktitle={Advances in Neural Information Processing Systems},
	pages={226--234},
	year={2015}
}
@inproceedings{chwialkowski2016kernel,
	title={A kernel test of goodness of fit},
	author={Chwialkowski, Kacper and Strathmann, Heiko and Gretton, Arthur},
	year={2016},
	organization={JMLR: Workshop and Conference Proceedings}
}
@article{oates2017control,
	title={Control functionals for Monte Carlo integration},
	author={Oates, Chris J and Girolami, Mark and Chopin, Nicolas},
	journal={Journal of the Royal Statistical Society: Series B (Statistical Methodology)},
	volume={79},
	number={3},
	pages={695--718},
	year={2017},
	publisher={Wiley Online Library}
}
@inproceedings{liu2016kernelized,
	title={A kernelized Stein discrepancy for goodness-of-fit tests},
	author={Liu, Qiang and Lee, Jason and Jordan, Michael},
	booktitle={International conference on machine learning},
	pages={276--284},
	year={2016}
}
@inproceedings{liu2016stein,
	title={Stein variational gradient descent: A general purpose bayesian inference algorithm},
	author={Liu, Qiang and Wang, Dilin},
	booktitle={Advances in neural information processing systems},
	pages={2378--2386},
	year={2016}
}
@article{zhuo2017message,
	title={Message passing stein variational gradient descent},
	author={Zhuo, Jingwei and Liu, Chang and Shi, Jiaxin and Zhu, Jun and Chen, Ning and Zhang, Bo},
	journal={arXiv preprint arXiv:1711.04425},
	year={2017}
}